@article{wu2003estimating,
  title={Estimating impervious surface distribution by spectral mixture analysis},
  author={Wu, Changshan and Murray, Alan T},
  journal={Remote sensing of Environment},
  volume={84},
  number={4},
  pages={493--505},
  year={2003},
  publisher={Elsevier}
}
@article{powell2008quantification,
  title={Quantification of impervious surface in the Snohomish water resources inventory area of western Washington from 1972--2006},
  author={Powell, Scott L and Cohen, Warren B and Yang, Zhiqiang and Pierce, John D and Alberti, Marina},
  journal={Remote Sensing of Environment},
  volume={112},
  number={4},
  pages={1895--1908},
  year={2008},
  publisher={Elsevier}
}
@article{weng2012remote,
  title={Remote sensing of impervious surfaces in the urban areas: Requirements, methods, and trends},
  author={Weng, Qihao},
  journal={Remote Sensing of Environment},
  volume={117},
  pages={34--49},
  year={2012},
  publisher={Elsevier}
}
@article{duca2008hyperspectral,
  title={Hyperspectral and multiangle CHRIS--PROBA images for the generation of land cover maps},
  author={Duca, Riccardo and Del Frate, Fabio},
  journal={Geoscience and Remote Sensing, IEEE Transactions on},
  volume={46},
  number={10},
  pages={2857--2866},
  year={2008},
  publisher={IEEE}
}
@article{dekker2003texture,
  title={Texture analysis and classification of ERS SAR images for map updating of urban areas in the Netherlands},
  author={Dekker, Rob J},
  journal={Geoscience and Remote Sensing, IEEE Transactions on},
  volume={41},
  number={9},
  pages={1950--1958},
  year={2003},
  publisher={IEEE}
}
@article{mena2003state,
  title={State of the art on automatic road extraction for GIS update: a novel classification},
  author={Mena, Juan B},
  journal={Pattern Recognition Letters},
  volume={24},
  number={16},
  pages={3037--3058},
  year={2003},
  publisher={Elsevier}
}
@article{park2013polarimetric,
  title={Polarimetric SAR remote sensing of the 2011 Tohoku earthquake using ALOS/PALSAR},
  author={Park, Sang-Eun and Yamaguchi, Yoshio and Kim, Duk-jin},
  journal={Remote Sensing of Environment},
  volume={132},
  pages={212--220},
  year={2013},
  publisher={Elsevier}
}
@article{tong2012building,
  title={Building-damage detection using pre-and post-seismic high-resolution satellite stereo imagery: a case study of the May 2008 Wenchuan earthquake},
  author={Tong, Xiaohua and Hong, Zhonghua and Liu, Shijie and Zhang, Xue and Xie, Huan and Li, Zhengyuan and Yang, Sonlin and Wang, Weian and Bao, Feng},
  journal={ISPRS Journal of Photogrammetry and Remote Sensing},
  volume={68},
  pages={13--27},
  year={2012},
  publisher={Elsevier}
}
@article{aytekin2013texture,
  title={Texture-based airport runway detection},
  author={Aytekin, {\"O} and Zongur, U and Halici, U},
  journal={Geoscience and Remote Sensing Letters, IEEE},
  volume={10},
  number={3},
  pages={471--475},
  year={2013},
  publisher={IEEE}
}
@article{baltsavias2004object,
  title={Object extraction and revision by image analysis using existing geodata and knowledge: current status and steps towards operational systems},
  author={Baltsavias, EP},
  journal={ISPRS Journal of Photogrammetry and Remote Sensing},
  volume={58},
  number={3},
  pages={129--151},
  year={2004},
  publisher={Elsevier}
}
@article{hedman2010road,
  title={Road network extraction in VHR SAR images of urban and suburban areas by means of class-aided feature-level fusion},
  author={Hedman, Karin and Stilla, Uwe and Lisini, Gianni and Gamba, Paolo},
  journal={Geoscience and Remote Sensing, IEEE Transactions on},
  volume={48},
  number={3},
  pages={1294--1296},
  year={2010},
  publisher={IEEE}
}
@article{hu2007road,
  title={Road network extraction and intersection detection from aerial images by tracking road footprints},
  author={Hu, Jiuxiang and Razdan, Anshuman and Femiani, John C and Cui, Ming and Wonka, Peter},
  journal={Geoscience and Remote Sensing, IEEE Transactions on},
  volume={45},
  number={12},
  pages={4144--4157},
  year={2007},
  publisher={IEEE}
}
@article{shi2014integrated,
  title={An integrated method for urban main-road centerline extraction from optical remotely sensed imagery},
  author={Shi, Wenzhong and Miao, Zelang and Debayle, Johan},
  journal={Geoscience and Remote Sensing, IEEE Transactions on},
  volume={52},
  number={6},
  pages={3359--3372},
  year={2014},
  publisher={IEEE}
}
@article{ortner2008marked,
  title={A marked point process of rectangles and segments for automatic analysis of digital elevation models},
  author={Ortner, Mathias and Descombes, Xavier and Zerubia, Josiane},
  journal={Pattern Analysis and Machine Intelligence, IEEE Transactions on},
  volume={30},
  number={1},
  pages={105--119},
  year={2008},
  publisher={IEEE}
}
@article{noronha2001detection,
  title={Detection and modeling of buildings from multiple aerial images},
  author={Noronha, Sanjay and Nevatia, Ramakant},
  journal={Pattern Analysis and Machine Intelligence, IEEE Transactions on},
  volume={23},
  number={5},
  pages={501--518},
  year={2001},
  publisher={IEEE}
}
@article{sirmacek2011probabilistic,
  title={A probabilistic framework to detect buildings in aerial and satellite images},
  author={Sirmacek, Beril and {\"U}nsalan, Cem},
  journal={Geoscience and Remote Sensing, IEEE Transactions on},
  volume={49},
  number={1},
  pages={211--221},
  year={2011},
  publisher={IEEE}
}
@article{cote2013automatic,
  title={Automatic rooftop extraction in nadir aerial imagery of suburban regions using corners and variational level set evolution},
  author={Cote, Melissa and Saeedi, Parvaneh},
  journal={Geoscience and Remote Sensing, IEEE Transactions on},
  volume={51},
  number={1},
  pages={313--328},
  year={2013},
  publisher={IEEE}
}
@article{benarchid2013support,
  title={Support Vector Machines for Object Based Building Extraction in Suburban Area using Very High Resolution Satellite Images, a Case Study: Tetuan, Morocco},
  author={Benarchid, Omar and Raissouni, Naoufal},
  journal={IAES International Journal of Artificial Intelligence (IJ-AI)},
  volume={2},
  number={1},
  pages={43--50},
  year={2013}
}
@article{ghaffarian2014automaticsupervised,
  title={Automatic building detection based on supervised classification using high resolution Google Earth images},
  author={Ghaffarian, Salar and Ghaffarian, Saman},
  journal={J. Photogr. Remote Sens., XL-3},
  pages={101--106},
  year={2014}
}
@article{ok2013automated,
  title={Automated detection of arbitrarily shaped buildings in complex environments from monocular VHR optical satellite imagery},
  author={Ok, Asli Ozdarci and Senaras, Caglar and Yuksel, Burak},
  journal={Geoscience and Remote Sensing, IEEE Transactions on},
  volume={51},
  number={3},
  pages={1701--1717},
  year={2013},
  publisher={IEEE}
}
@article{harsanyi1994hyperspectral,
  title={Hyperspectral image classification and dimensionality reduction: an orthogonal subspace projection approach},
  author={Harsanyi, Joseph C and Chang, Chein-I},
  journal={Geoscience and Remote Sensing, IEEE Transactions on},
  volume={32},
  number={4},
  pages={779--785},
  year={1994},
  publisher={IEEE}
}
@article{azar2013generation,
  title={Generation of fine-scale population layers using multi-resolution satellite imagery and geospatial data},
  author={Azar, Derek and Engstrom, Ryan and Graesser, Jordan and Comenetz, Joshua},
  journal={Remote Sensing of Environment},
  volume={130},
  pages={219--232},
  year={2013},
  publisher={Elsevier}
}
@article{manolakis2001hyperspectral,
  title={Hyperspectral subpixel target detection using the linear mixing model},
  author={Manolakis, Dimitris and Siracusa, Christina and Shaw, Gary},
  journal={Geoscience and Remote Sensing, IEEE Transactions on},
  volume={39},
  number={7},
  pages={1392--1409},
  year={2001},
  publisher={IEEE}
}
@article{blaschke2010object,
  title={Object based image analysis for remote sensing},
  author={Blaschke, Thomas},
  journal={ISPRS journal of photogrammetry and remote sensing},
  volume={65},
  number={1},
  pages={2--16},
  year={2010},
  publisher={Elsevier}
}
@article{mayer2008object,
  title={Object extraction in photogrammetric computer vision},
  author={Mayer, Helmut},
  journal={ISPRS Journal of Photogrammetry and Remote Sensing},
  volume={63},
  number={2},
  pages={213--222},
  year={2008},
  publisher={Elsevier}
}
@article{linear2011foreword,
  title={Foreword to the special issue on spectral unmixing of remotely sensed data},
  author={Linear, A},
  journal={IEEE Transactions on Geoscience and Remote Sensing},
  volume={49},
  number={11},
  pages={4103},
  year={2011}
}
@article{fang2014cpu,
  title={CPU/GPU near real-time preprocessing for ZY-3 satellite images: Relative radiometric correction, MTF compensation, and geocorrection},
  author={Fang, Liuyang and Wang, Mi and Li, Deren and Pan, Jun},
  journal={ISPRS Journal of Photogrammetry and Remote Sensing},
  volume={87},
  pages={229--240},
  year={2014},
  publisher={Elsevier}
}
@article{brenner2005building,
  title={Building reconstruction from images and laser scanning},
  author={Brenner, Claus},
  journal={International Journal of Applied Earth Observation and Geoinformation},
  volume={6},
  number={3},
  pages={187--198},
  year={2005},
  publisher={Elsevier}
}
@article{noronha2001detection,
  title={Detection and modeling of buildings from multiple aerial images},
  author={Noronha, Sanjay and Nevatia, Ramakant},
  journal={Pattern Analysis and Machine Intelligence, IEEE Transactions on},
  volume={23},
  number={5},
  pages={501--518},
  year={2001},
  publisher={IEEE}
}
@article{izadi2012three,
  title={Three-dimensional polygonal building model estimation from single satellite images},
  author={Izadi, Mohammad and Saeedi, Parvaneh},
  journal={Geoscience and Remote Sensing, IEEE Transactions on},
  volume={50},
  number={6},
  pages={2254--2272},
  year={2012},
  publisher={IEEE}
}
@article{wang2015efficient,
  title={An Efficient Approach for Automatic Rectangular Building Extraction From Very High Resolution Optical Satellite Imagery},
  author={Wang, Jun and Yang, Xiucheng and Qin, Xuebin and Ye, Xin and Qin, Qiming},
  journal={Geoscience and Remote Sensing Letters, IEEE},
  volume={12},
  number={3},
  pages={487--491},
  year={2015},
  publisher={IEEE}
}
@inproceedings{nosrati2009novel,
  title={A novel approach for polygonal rooftop detection in satellite/aerial imageries},
  author={Nosrati, Masoud S and Saeedi, Parvaneh},
  booktitle={Image Processing (ICIP), 2009 16th IEEE International Conference on},
  pages={1709--1712},
  year={2009},
  organization={IEEE}
}
@article{ortner2007building,
  title={Building outline extraction from digital elevation models using marked point processes},
  author={Ortner, Mathias and Descombes, Xavier and Zerubia, Josiane},
  journal={International Journal of Computer Vision},
  volume={72},
  number={2},
  pages={107--132},
  year={2007},
  publisher={Springer}
}
@article{tournaire2010efficient,
  title={An efficient stochastic approach for building footprint extraction from digital elevation models},
  author={Tournaire, O and Br{\'e}dif, M and Boldo, D and Durupt, M},
  journal={ISPRS Journal of Photogrammetry and Remote Sensing},
  volume={65},
  number={4},
  pages={317--327},
  year={2010},
  publisher={Elsevier}
}

@incollection{sun2014free,
  title={Free-shape polygonal object localization},
  author={Sun, Xiaolu and Christoudias, C Mario and Fua, Pascal},
  booktitle={Computer Vision--ECCV 2014},
  pages={317--332},
  year={2014},
  publisher={Springer}
}
@article{ghaffarian2014automaticPFICA,
  title={Automatic building detection based on Purposive FastICA (PFICA) algorithm using monocular high resolution Google Earth images},
  author={Ghaffarian, Saman and Ghaffarian, Salar},
  journal={ISPRS Journal of Photogrammetry and Remote Sensing},
  volume={97},
  pages={152--159},
  year={2014},
  publisher={Elsevier}
}
@article{osher1988fronts,
  title={Fronts propagating with curvature-dependent speed: algorithms based on Hamilton-Jacobi formulations},
  author={Osher, Stanley and Sethian, James A},
  journal={Journal of computational physics},
  volume={79},
  number={1},
  pages={12--49},
  year={1988},
  publisher={Elsevier}
}
@article{chan2001active,
  title={Active contours without edges},
  author={Chan, Tony F and Vese, Luminita and others},
  journal={Image processing, IEEE transactions on},
  volume={10},
  number={2},
  pages={266--277},
  year={2001},
  publisher={IEEE}
}
@article{karantzalos2009region,
  title={A region-based level set segmentation for automatic detection of man-made objects from aerial and satellite images},
  author={Karantzalos, Konstantinos and Argialas, Demertre},
  journal={Photogrammetric Engineering \& Remote Sensing},
  volume={75},
  number={6},
  pages={667--677},
  year={2009},
  publisher={American Society for Photogrammetry and Remote Sensing}
}
@article{karantzalos2009recognition,
  title={Recognition-driven two-dimensional competing priors toward automatic and accurate building detection},
  author={Karantzalos, Konstantinos and Paragios, Nikos},
  journal={Geoscience and Remote Sensing, IEEE Transactions on},
  volume={47},
  number={1},
  pages={133--144},
  year={2009},
  publisher={IEEE}
}
@article{ahmadi2010automatic,
  title={Automatic urban building boundary extraction from high resolution aerial images using an innovative model of active contours},
  author={Ahmadi, Salman and Zoej, MJ Valadan and Ebadi, Hamid and Moghaddam, Hamid Abrishami and Mohammadzadeh, Ali},
  journal={International Journal of Applied Earth Observation and Geoinformation},
  volume={12},
  number={3},
  pages={150--157},
  year={2010},
  publisher={Elsevier}
}
@article{kim2011building,
  title={Building roof modeling from airborne laser scanning data based on level set approach},
  author={Kim, KyoHyouk and Shan, Jie},
  journal={ISPRS Journal of Photogrammetry and Remote Sensing},
  volume={66},
  number={4},
  pages={484--497},
  year={2011},
  publisher={Elsevier}
}
@article{wu2014active,
  title={An active contour model based on texture distribution for extracting inhomogeneous insulators from aerial images},
  author={Wu, Qinggang and An, Jubai},
  journal={Geoscience and Remote Sensing, IEEE Transactions on},
  volume={52},
  number={6},
  pages={3613--3626},
  year={2014},
  publisher={IEEE}
}
@article{shu2010shoreline,
  title={Shoreline extraction from RADARSAT-2 intensity imagery using a narrow band level set segmentation approach},
  author={Shu, Yuanming and Li, Jonathan and Gomes, Gary},
  journal={Marine Geodesy},
  volume={33},
  number={2-3},
  pages={187--203},
  year={2010},
  publisher={Taylor \& Francis}
}
@article{bazi2010unsupervised,
  title={Unsupervised change detection in multispectral remotely sensed imagery with level set methods},
  author={Bazi, Yakoub and Melgani, Farid and Al-Sharari, Hamed D},
  journal={Geoscience and Remote Sensing, IEEE Transactions on},
  volume={48},
  number={8},
  pages={3178--3187},
  year={2010},
  publisher={IEEE}
}
@article{celik2011multitemporal,
  title={Multitemporal image change detection using undecimated discrete wavelet transform and active contours},
  author={Celik, Turgay and Ma, Kai-Kuang},
  journal={Geoscience and Remote Sensing, IEEE Transactions on},
  volume={49},
  number={2},
  pages={706--716},
  year={2011},
  publisher={IEEE}
}
@article{elbakary2014shadow,
  title={Shadow detection of man-made buildings in high-resolution panchromatic satellite images},
  author={Elbakary, Mohamed and Iftekharuddin, Khan M and others},
  journal={Geoscience and Remote Sensing, IEEE Transactions on},
  volume={52},
  number={9},
  pages={5374--5386},
  year={2014},
  publisher={IEEE}
}
@article{tang2013three,
  title={Three-dimensional surface reconstruction of tree canopy from lidar point clouds using a region-based level set method},
  author={Tang, Shijun and Dong, Pinliang and Buckles, Bill P},
  journal={International journal of remote sensing},
  volume={34},
  number={4},
  pages={1373--1385},
  year={2013},
  publisher={Taylor \& Francis}
}
@article{caselles1997geodesic,
  title={Geodesic active contours},
  author={Caselles, Vicent and Kimmel, Ron and Sapiro, Guillermo},
  journal={International journal of computer vision},
  volume={22},
  number={1},
  pages={61--79},
  year={1997},
  publisher={Springer}
}
@article{niu2006semi,
  title={A semi-automatic framework for highway extraction and vehicle detection based on a geometric deformable model},
  author={Niu, Xutong},
  journal={ISPRS Journal of Photogrammetry and Remote Sensing},
  volume={61},
  number={3},
  pages={170--186},
  year={2006},
  publisher={Elsevier}
}
@article{shen2006delineating,
  title={Delineating lakes and enclosed islands in satellite imagery by geodesic active contour model},
  author={Shen, C and Fan, J and Pi, L and Li, F},
  journal={International Journal of Remote Sensing},
  volume={27},
  number={23},
  pages={5253--5268},
  year={2006},
  publisher={Taylor \& Francis}
}

@article{li2010distance,
  title={Distance regularized level set evolution and its application to image segmentation},
  author={Li, Chunming and Xu, Chenyang and Gui, Changfeng and Fox, Martin D},
  journal={Image Processing, IEEE Transactions on},
  volume={19},
  number={12},
  pages={3243--3254},
  year={2010},
  publisher={IEEE}
}
@article{zhang2013reinitialization,
  title={Reinitialization-free level set evolution via reaction diffusion},
  author={Zhang, Kaihua and Zhang, Lei and Song, Huihui and Zhang, David},
  journal={Image Processing, IEEE Transactions on},
  volume={22},
  number={1},
  pages={258--271},
  year={2013},
  publisher={IEEE}
}
@inproceedings{gibou2005fast,
  title={A fast hybrid k-means level set algorithm for segmentation},
  author={Gibou, Fr{\'e}d{\'e}ric and Fedkiw, Ronald},
  booktitle={4th Annual Hawaii International Conference on Statistics and Mathematics},
  pages={281--291},
  year={2005},
  organization={Honolulu, Hawaii}
}
@article{li2015extracting,
  title={Extracting Man-Made Objects From High Spatial Resolution Remote Sensing Images via Fast Level Set Evolutions},
  author={Li, Zhongbin and Shi, Wenzhong and Wang, Qunming and Miao, Zelang},
  journal={Geoscience and Remote Sensing, IEEE Transactions on},
  volume={53},
  number={2},
  pages={883--899},
  year={2015},
  publisher={IEEE}
}


@article{negri2006junction,
  title={Junction-aware extraction and regularization of urban road networks in high-resolution SAR images},
  author={Negri, Matteo and Gamba, Paolo and Lisini, Gianni and Tupin, Florence},
  journal={Geoscience and Remote Sensing, IEEE Transactions on},
  volume={44},
  number={10},
  pages={2962--2971},
  year={2006},
  publisher={IEEE}
}
@article{das2011use,
  title={Use of salient features for the design of a multistage framework to extract roads from high-resolution multispectral satellite images},
  author={Das, Sukhendu and Mirnalinee, TT and Varghese, Kuruvilla},
  journal={Geoscience and Remote Sensing, IEEE Transactions on},
  volume={49},
  number={10},
  pages={3906--3931},
  year={2011},
  publisher={IEEE}
}

@article{katartzis2008stochastic,
  title={A stochastic framework for the identification of building rooftops using a single remote sensing image},
  author={Katartzis, Antonis and Sahli, Hichem},
  journal={Geoscience and Remote Sensing, IEEE Transactions on},
  volume={46},
  number={1},
  pages={259--271},
  year={2008},
  publisher={IEEE}
}
@article{stoica2004gibbs,
  title={A Gibbs point process for road extraction from remotely sensed images},
  author={Stoica, Radu and Descombes, Xavier and Zerubia, Josiane},
  journal={International Journal of Computer Vision},
  volume={57},
  number={2},
  pages={121--136},
  year={2004},
  publisher={Springer}
}
@incollection{van2012seeds,
  title={Seeds: Superpixels extracted via energy-driven sampling},
  author={Van den Bergh, Michael and Boix, Xavier and Roig, Gemma and de Capitani, Benjamin and Van Gool, Luc},
  booktitle={Computer Vision--ECCV 2012},
  pages={13--26},
  year={2012},
  publisher={Springer}
}
@article{akinlar2011edlines,
  title={EDLines: A real-time line segment detector with a false detection control},
  author={Akinlar, Cuneyt and Topal, Cihan},
  journal={Pattern Recognition Letters},
  volume={32},
  number={13},
  pages={1633--1642},
  year={2011},
  publisher={Elsevier}
}
@article{mayunga2007semi,
  title={A semi-automated approach for extracting buildings from QuickBird imagery applied to informal settlement mapping},
  author={Mayunga, SD and Coleman, DJ and Zhang, Y},
  journal={International Journal of Remote Sensing},
  volume={28},
  number={10},
  pages={2343--2357},
  year={2007},
  publisher={Taylor \& Francis}
}
@article{ok2013automated,
  title={Automated detection of buildings from single VHR multispectral images using shadow information and graph cuts},
  author={Ok, Ali Ozgun},
  journal={ISPRS Journal of Photogrammetry and Remote Sensing},
  volume={86},
  pages={21--40},
  year={2013},
  publisher={Elsevier}
}
@article{li2015extracting,
  title={Extracting Man-Made Objects From High Spatial Resolution Remote Sensing Images via Fast Level Set Evolutions},
  author={Li, Zhongbin and Shi, Wenzhong and Wang, Qunming and Miao, Zelang},
  journal={Geoscience and Remote Sensing, IEEE Transactions on},
  volume={53},
  number={2},
  pages={883--899},
  year={2015},
  publisher={IEEE}
}
@article{li2015robust,
  title={Robust Rooftop Extraction From Visible Band Images Using Higher Order CRF},
  author={Li, Er and Femiani, John and Xu, Shibiao and Zhang, Xiaopeng and Wonka, Peter},
  journal={Geoscience and Remote Sensing, IEEE Transactions on},
  volume={53},
  number={8},
  pages={4483--4495},
  year={2015},
  publisher={IEEE}
}
@article{baluyan2013novel,
  title={Novel approach for rooftop detection using support vector machine},
  author={Baluyan, Hayk and Joshi, Bikash and Al Hinai, Amer and Woon, Wei Lee},
  journal={ISRN Machine Vision},
  volume={2013},
  year={2013},
  publisher={Hindawi Publishing Corporation}
}
@article{chen2014shadow,
  title={Shadow-based Building Detection and Segmentation in High-resolution Remote Sensing Image},
  author={Chen, Dongyue and Shang, Shibo and Wu, Chengdong},
  journal={Journal of Multimedia},
  volume={9},
  number={1},
  pages={181--188},
  year={2014}
}
@article{achanta2012slic,
  title={SLIC superpixels compared to state-of-the-art superpixel methods},
  author={Achanta, Radhakrishna and Shaji, Appu and Smith, Kevin and Lucchi, Aurelien and Fua, Pascal and Susstrunk, Sabine},
  journal={Pattern Analysis and Machine Intelligence, IEEE Transactions on},
  volume={34},
  number={11},
  pages={2274--2282},
  year={2012},
  publisher={IEEE}
}
@article{dornaika2015object,
  title={Object Classification using Hybrid Holistic Descriptors: Application to Building Detection in Aerial Orthophotos},
  author={Dornaika, Fadi and Moujahid, Abdelmalik and Bosaghzadeh, Alireza and El Merabet, Youssef and Ruichek, Yassine},
  journal={Polibits},
  number={51},
  pages={11--17},
  year={2015},
  publisher={Instituto Polit{\'e}cnico Nacional, Centro de Innovaci{\'o}n y Desarrollo Tecnol{\'o}gico en C{\'o}mputo}
}
@article{achanta2012slic,
  title={SLIC superpixels compared to state-of-the-art superpixel methods},
  author={Achanta, Radhakrishna and Shaji, Appu and Smith, Kevin and Lucchi, Aurelien and Fua, Pascal and Susstrunk, Sabine},
  journal={Pattern Analysis and Machine Intelligence, IEEE Transactions on},
  volume={34},
  number={11},
  pages={2274--2282},
  year={2012},
  publisher={IEEE}
}
@article{cui2012complex,
  title={Complex building description and extraction based on Hough transformation and cycle detection},
  author={Cui, Shiyong and Yan, Qin and Reinartz, Peter},
  journal={Remote Sensing Letters},
  volume={3},
  number={2},
  pages={151--159},
  year={2012},
  publisher={Taylor \& Francis}
}
@inproceedings{liu2013perception,
  title={A perception-inspired building index for automatic built-up area detection in high-resolution satellite images},
  author={Liu, Gang and Xia, Gui-Song and Huang, Xin and Yang, Wen and Zhang, Liangpei},
  booktitle={Geoscience and Remote Sensing Symposium (IGARSS), 2013 IEEE International},
  pages={3132--3135},
  year={2013},
  organization={IEEE}
}
@article{tao2013unsupervised,
  title={Unsupervised detection of built-up areas from multiple high-resolution remote sensing images},
  author={Tao, Chao and Tan, Yihua and Zou, Zheng-rong and Tian, Jinwen},
  journal={Geoscience and Remote Sensing Letters, IEEE},
  volume={10},
  number={6},
  pages={1300--1304},
  year={2013},
  publisher={IEEE}
}
@article{li2015built,
  title={Built-Up Area Detection From Satellite Images Using Multikernel Learning, Multifield Integrating, and Multihypothesis Voting},
  author={Li, Yansheng and Tan, Yihua and Li, Yi and Qi, Shengxiang and Tian, Jinwen},
  journal={Geoscience and Remote Sensing Letters, IEEE},
  volume={12},
  number={6},
  pages={1190--1194},
  year={2015},
  publisher={IEEE}
}
@article{ngoautomatic,
  title={AUTOMATIC RECTANGULAR BUILDING DETECTION FROM VHR AERIAL IMAGERY USING SHADOW AND IMAGE SEGMENTATION},
  author={Ngo, Tran-Thanh and Collet, Christophe and Mazet, Vincent}
}